<?xml version="1.0" encoding="UTF-8"?><collection xmlns="http://www.loc.gov/MARC21/slim"><record><leader>00464nam--2200169-i-4500</leader><controlfield tag="001">000004190</controlfield><controlfield tag="002">20161230</controlfield><controlfield tag="005">20170114163008</controlfield><controlfield tag="008">060222s1000------------r-----000-0-eng-d</controlfield><datafield ind1=" " ind2=" " tag="040"><subfield code="a">IFIN-HH</subfield></datafield><datafield ind1=" " ind2=" " tag="080"><subfield code="a">539.14</subfield></datafield><datafield ind1="1" ind2=" " tag="100"><subfield code="a">Bethe, Hans A</subfield></datafield><datafield ind1="1" ind2="0" tag="245"><subfield code="a">Elementary nuclear theory</subfield><subfield code="b">A short course on selected topics</subfield><subfield code="c">H.A. Bethe</subfield></datafield><datafield ind1=" " ind2=" " tag="260"><subfield code="a">New York</subfield><subfield code="b">John Wiley &amp; Sons, Inc</subfield><subfield code="c">1947</subfield></datafield><datafield ind1=" " ind2=" " tag="300"><subfield code="a">VI + 147 p</subfield></datafield><datafield ind1=" " ind2=" " tag="852"><subfield code="a">2684</subfield><subfield code="c">539.14</subfield></datafield><datafield ind1=" " ind2=" " tag="CAT"><subfield code="a">SYS</subfield><subfield code="c">20170114</subfield><subfield code="h">163008</subfield></datafield></record></collection>